<record xmlns="http://www.loc.gov/MARC21/slim" xmlns:xsi="http://www.w3.org/2001/XMLSchema-instance" xsi:schemaLocation="http://www.loc.gov/MARC21/slim http://www.loc.gov/standards/marcxml/schema/MARC21slim.xsd"><leader>     nam a22        4500</leader><controlfield tag="001">3077446</controlfield><controlfield tag="003">NNC</controlfield><controlfield tag="006">m        d        </controlfield><controlfield tag="007">cr cn |||m|||a</controlfield><controlfield tag="008">150318s1954    ua      o     000 0 ara d</controlfield><datafield ind1=" " ind2=" " tag="040"><subfield code="a">NNU</subfield><subfield code="b">eng</subfield><subfield code="c">NNU</subfield></datafield><datafield ind1="1" ind2=" " tag="041"><subfield code="a">ara</subfield><subfield code="h">und</subfield></datafield><datafield ind1="1" ind2=" " tag="100"><subfield code="a">Morrison, A. Cressy</subfield><subfield code="q">(Abraham Cressy),</subfield><subfield code="d">1864-</subfield></datafield><datafield ind1="1" ind2="0" tag="240"><subfield code="a">Man does not stand alone.</subfield><subfield code="l">Arabic</subfield></datafield><datafield ind1="1" ind2="3" tag="245"><subfield code="6">880-01</subfield><subfield code="a">al-&#699;Ilm yad&#699;u&#772; lil-i&#772;ma&#772;n</subfield><subfield code="h">[electronic resource] /</subfield><subfield code="c">ta&#700;li&#772;f A. Cressy Morrison, tarjamat Mah&#803;mu&#772;d S&#803;a&#772;lih&#803; al-Falaki&#772;.</subfield></datafield><datafield ind1=" " ind2=" " tag="260"><subfield code="6">880-02</subfield><subfield code="a">al-Qa&#772;hirah :</subfield><subfield code="b">Maktabat al-Nahd&#803;ah al-Mis&#803;ri&#772;yah,</subfield><subfield code="c">1954.</subfield></datafield><datafield ind1=" " ind2=" " tag="300"><subfield code="a">online resource (203 p.)</subfield></datafield><datafield ind1=" " ind2=" " tag="500"><subfield code="a">Part of the Arabic Collections Online (ACO) project, contributed by Columbia University Libraries.</subfield></datafield><datafield ind1=" " ind2=" " tag="533"><subfield code="a">Electronic reproduction.</subfield><subfield code="b">New York, N.Y. :</subfield><subfield code="c">New York University,</subfield><subfield code="d">2015.</subfield><subfield code="5">NNU</subfield></datafield><datafield ind1=" " ind2="0" tag="650"><subfield code="a">Faith (Islam)</subfield></datafield><datafield ind1=" " ind2="7" tag="650"><subfield code="a">Faith (Islam)</subfield><subfield code="2">fast</subfield><subfield code="0">(OCoLC)fst00919954</subfield></datafield><datafield ind1="1" ind2=" " tag="700"><subfield code="6">880-03</subfield><subfield code="a">Falaki&#772;, Mah&#803;mu&#772;d S&#803;a&#772;lih&#803;,</subfield><subfield code="e">tr. </subfield></datafield><datafield ind1="2" ind2=" " tag="710"><subfield code="a">Columbia University.</subfield><subfield code="b">Libraries.</subfield></datafield><datafield ind1="0" ind2=" " tag="730"><subfield code="a">Arabic Collections Online.</subfield></datafield><datafield ind1="0" ind2="8" tag="776"><subfield code="i">Print version:</subfield><subfield code="a">Morrison, A. Cressy (Abraham Cressy), 1864-</subfield><subfield code="t">al-&#699;Ilm yad&#699;u&#772; lil-i&#772;ma&#772;n</subfield><subfield code="w">(NNC)3077446</subfield><subfield code="w">(OCoLC)83362310</subfield></datafield><datafield ind1="4" ind2="0" tag="856"><subfield code="u">http://hdl.handle.net/2333.1/7d7wm5jc</subfield></datafield><datafield ind1="1" ind2="2" tag="880"><subfield code="6">245-01</subfield><subfield code="a">&#1575;&#1604;&#1593;&#1604;&#1605; &#1610;&#1583;&#1593;&#1608;&#1575; &#1604;&#1604;&#1575;&#1610;&#1605;&#1575;&#1606; /</subfield><subfield code="c">&#1578;&#1571;&#1604;&#1610;&#1601; &#1575;. &#1585;&#1587;&#1610; &#1605;&#1585;&#1587;&#1606;&#1548; &#1578;&#1585;&#1580;&#1605;&#1577; &#1605;&#1581;&#1605;&#1608;&#1583; &#1589;&#1575;&#1604;&#1581; &#1575;&#1604;&#1601;&#1604;&#1603;&#1610;.</subfield></datafield><datafield ind1=" " ind2=" " tag="880"><subfield code="6">260-02</subfield><subfield code="a">&#1575;&#1604;&#1602;&#1575;&#1607;&#1585;&#1577; :</subfield><subfield code="b">&#1605;&#1603;&#1578;&#1576;&#1577; &#1575;&#1604;&#1606;&#1607;&#1590;&#1577; &#1575;&#1604;&#1605;&#1589;&#1585;&#1610;&#1577;&#1548;</subfield><subfield code="c">1954.</subfield></datafield><datafield ind1="1" ind2=" " tag="880"><subfield code="6">700-03</subfield><subfield code="a">&#1601;&#1604;&#1603;&#1610;&#1548; &#1605;&#1581;&#1605;&#1608;&#1583; &#1589;&#1575;&#1604;&#1581;.</subfield></datafield><datafield ind1=" " ind2=" " tag="959"><subfield code="a">NNU</subfield><subfield code="b">WEB</subfield><subfield code="c">GENI</subfield><subfield code="t">0</subfield><subfield code="m">Electronic access</subfield><subfield code="s">01</subfield></datafield><datafield ind1=" " ind2=" " tag="999"><subfield code="i">NNC_3077446</subfield><subfield code="o">(OCoLC)ocm83362310</subfield><subfield code="e">(ERROR-880)</subfield><subfield code="s">columbia_aco000367</subfield></datafield></record>